@misc{web:ATLAS_SM_summary_plots,
 author = "{ATLAS Collaboration}",
 title = "{Summary plots from the ATLAS Standard Model physics group}",
 howpublished = {\url{https://atlas.web.cern.ch/Atlas/GROUPS/PHYSICS/CombinedSummaryPlots/SM/index.html}},
 note = {Accessed: 2019-06-12}
}

% HJ+MiNLO
@article{Hamilton:2015nsa,
      author         = "{Hamilton, Keith and Nason, Paolo and Zanderighi, Giulia}",
      title          = "{Finite quark-mass effects in the NNLOPS POWHEG+MiNLO Higgs generator}",
      journal        = "JHEP",
      volume         = "05",
      year           = "2015",
      pages          = "140",
      doi            = "10.1007/JHEP05(2015)140",
      eprint         = "1501.04637",
      archivePrefix  = "arXiv",
      primaryClass   = "hep-ph",
      reportNumber   = "CERN-PH-TH-2015-006",
      SLACcitation   = "%%CITATION = ARXIV:1501.04637;%%"
}

% POWHEG BOX
@article{Campbell:2012am,
      author         = "{Campbell, John M. and Ellis, R. Keith and Frederix, Rikkert and Nason, Paolo and Oleari, Carlo and Williams, Ciaran}",
      title          = "{NLO Higgs Boson Production Plus One and Two Jets Using the POWHEG BOX, MadGraph4 and MCFM}",
      journal        = "JHEP",
      volume         = "07",
      year           = "2012",
      pages          = "092",
      doi            = "10.1007/JHEP07(2012)092",
      eprint         = "1202.5475",
      archivePrefix  = "arXiv",
      primaryClass   = "hep-ph",
      reportNumber   = "FERMILAB-PUB-12-040-T, CERN-PH-TH-2012-048",
      SLACcitation   = "%%CITATION = ARXIV:1202.5475;%%"
}

% MiNLO
@article{Hamilton:2012rf,
      author         = "{Hamilton, Keith and Nason, Paolo and Oleari, Carlo and Zanderighi, Giulia}",
      title          = "{Merging H/W/Z + 0 and 1 jet at NLO with no merging scale: a path to parton shower + NNLO matching}",
      journal        = "JHEP",
      volume         = "05",
      year           = "2013",
      pages          = "082",
      doi            = "10.1007/JHEP05(2013)082",
      eprint         = "1212.4504",
      archivePrefix  = "arXiv",
      primaryClass   = "hep-ph",
      reportNumber   = "CERN-PH-TH-2012-356",
      SLACcitation   = "%%CITATION = ARXIV:1212.4504;%%"
}

% PYTHIA
@article{Sjostrand:2014zea,
      author         = "{Sjöstrand, Torbjörn and Ask, Stefan and Christiansen, Jesper R. and Corke, Richard and Desai, Nishita and Ilten, Philip and Mrenna, Stephen and Prestel, Stefan and Rasmussen, Christine O. and Skands, Peter Z.}",
      title          = "{An Introduction to PYTHIA 8.2}",
      journal        = "Comput. Phys. Commun.",
      volume         = "191",
      year           = "2015",
      pages          = "159-177",
      doi            = "10.1016/j.cpc.2015.01.024",
      eprint         = "1410.3012",
      archivePrefix  = "arXiv",
      primaryClass   = "hep-ph",
      reportNumber   = "LU-TP-14-36, MCNET-14-22, CERN-PH-TH-2014-190, FERMILAB-PUB-14-316-CD, DESY-14-178, SLAC-PUB-16122",
      SLACcitation   = "%%CITATION = ARXIV:1410.3012;%%"
}

% CTEQ6L1
@article{Pumplin:2002vw,
      author         = "{Pumplin, J. and Stump, D. R. and Huston, J. and Lai, H. L. and Nadolsky, Pavel M. and Tung, W. K.}",
      title          = "{New generation of parton distributions with uncertainties from global QCD analysis}",
      journal        = "JHEP",
      volume         = "07",
      year           = "2002",
      pages          = "012",
      doi            = "10.1088/1126-6708/2002/07/012",
      eprint         = "hep-ph/0201195",
      archivePrefix  = "arXiv",
      primaryClass   = "hep-ph",
      reportNumber   = "MSU-HEP-011101",
      SLACcitation   = "%%CITATION = HEP-PH/0201195;%%"
}

% EvtGen
@article{Lange:2001uf,
      author         = "{Lange, D. J.}",
      title          = "{The EvtGen particle decay simulation package}",
      booktitle      = "{Proceedings, 7th International Conference on B physics at hadron machines (BEAUTY 2000): Maagan, Israel, September 13-18, 2000}",
      journal        = "Nucl. Instrum. Meth.",
      volume         = "A462",
      year           = "2001",
      pages          = "152-155",
      doi            = "10.1016/S0168-9002(01)00089-4",
      SLACcitation   = "%%CITATION = NUIMA,A462,152;%%"
}

@article{MelladoGarcia:2150771,
      author        = "{Mellado Garcia, Bruce and Musella, Pasquale and Grazzini, Massimiliano and Harlander, Robert}",
      title         = "{CERN Report 4: Part I Standard Model Predictions}",
      month         = "May",
      year          = "2016",
      reportNumber  = "LHCHXSWG-DRAFT-INT-2016-008",
      url           = "https://cds.cern.ch/record/2150771",
}

@article{Abercrombie:2015wmb,
      author         = "{Abercrombie, Daniel and others}",
      editor         = "{Boveia, Antonio and Doglioni, Caterina and Lowette, Steven and Malik, Sarah and Mrenna, Stephen}",
      title          = "{Dark Matter Benchmark Models for Early LHC Run-2 Searches: Report of the ATLAS/CMS Dark Matter Forum}",
      year           = "2015",
      eprint         = "1507.00966",
      archivePrefix  = "arXiv",
      primaryClass   = "hep-ex",
      reportNumber   = "FERMILAB-PUB-15-282-CD",
      SLACcitation   = "%%CITATION = ARXIV:1507.00966;%%"
}

@inproceedings{Carrazza:2013axa,
      author         = "{Carrazza, Stefano and Forte, Stefano and Rojo, Juan}",
      title          = "{Parton Distributions and Event Generators}",
      booktitle      = "{Proceedings, 43rd International Symposium on Multiparticle Dynamics (ISMD 13)}",
      year           = "2013",
      pages          = "89-96",
      eprint         = "1311.5887",
      archivePrefix  = "arXiv",
      primaryClass   = "hep-ph",
      SLACcitation   = "%%CITATION = ARXIV:1311.5887;%%"
}

@article{Bahr:2008pv,
      author         = "{Bahr, M. and others}",
      title          = "{Herwig++ Physics and Manual}",
      journal        = "Eur. Phys. J.",
      volume         = "C58",
      year           = "2008",
      pages          = "639-707",
      doi            = "10.1140/epjc/s10052-008-0798-9",
      eprint         = "0803.0883",
      archivePrefix  = "arXiv",
      primaryClass   = "hep-ph",
      reportNumber   = "CERN-PH-TH-2008-038, CAVENDISH-HEP-08-03, KA-TP-05-2008, DCPT-08-22, IPPP-08-11, CP3-08-05",
      SLACcitation   = "%%CITATION = ARXIV:0803.0883;%%"
}

@techreport{ATL-PHYS-PUB-2018-009,
      author        = "{ATLAS Collaboration}",
      title         = "{Improvements in \(t\bar{t}\) modelling using NLO+PS Monte Carlo generators for Run2}",
      institution   = "CERN",
      address       = "Geneva",
      number        = "ATL-PHYS-PUB-2018-009",
      month         = "Jul",
      year          = "2018",
      reportNumber  = "ATL-PHYS-PUB-2018-009",
      url           = "https://cds.cern.ch/record/2630327",
}

% Crystal ball function defined in Appendix F
@phdthesis{Gaiser:1982yw,
      author         = "{Gaiser, John Erthal}",
      title          = "{Charmonium Spectroscopy From Radiative Decays of the \(J/\psi\) and \(\psi^\prime\)}",
      school         = "SLAC",
      url            = "http://inspirehep.net/record/183554",
      year           = "1982",
      reportNumber   = "SLAC-0255, UMI-83-14449-MC, SLAC-R-0255, SLAC-R-255",
      SLACcitation   = "%%CITATION = SLAC-0255;%%"
}

% Wilk's paper
@article{Wilks:1938dza,
 author         = "{Wilks, S. S.}",
 title          = "{The Large-Sample Distribution of the Likelihood Ratio for Testing Composite Hypotheses}",
 journal        = "Annals Math. Statist.",
 volume         = "9",
 year           = "1938",
 number         = "1",
 pages          = "60-62",
 doi            = "10.1214/aoms/1177732360",
 SLACcitation   = "%%CITATION = AASTA,9,60;%%"
}

% Snedecor named the F-test after Fisher and wrote it up in his book
@book{snecdecor1991statistical,
  title="{Statistical Methods}",
  author="{Snecdecor, G.W. and Cochran, W.G.}",
  number={v. 276},
  isbn={9780813815619},
  lccn={89015405},
  series={Statistical Methods},
  year={1991},
  publisher={Wiley}
}

@article{Lindert:2017olm,
      author         = "{Lindert, J. M. and others}",
      title          = "{Precise predictions for $V+$ jets dark matter backgrounds}",
      journal        = "Eur. Phys. J.",
      volume         = "C77",
      year           = "2017",
      number         = "12",
      pages          = "829",
      doi            = "10.1140/epjc/s10052-017-5389-1",
      eprint         = "1705.04664",
      archivePrefix  = "arXiv",
      primaryClass   = "hep-ph",
      reportNumber   = "CERN-TH-2017-102, CERN-LPCC-2017-02, IPPP-17-38, FERMILAB-PUB-17-152-T, ZU--TH-12-17",
      SLACcitation   = "%%CITATION = ARXIV:1705.04664;%%"
}
