% B-hadron lifetimes
@misc{Vaandering,
author = "{Eric W. Vaandering}",
title = "{Mass and Width Measurements of \(\Sigma_{\text{c}}\) Baryons}",
howpublished = {\url{http://www-focus.fnal.gov/people/ewv/thesis/}}
}

@article{Cabibbo:1963yz,
      author         = "{Cabibbo, Nicola}",
      title          = "{Unitary Symmetry and Leptonic Decays}",
      booktitle      = "{Meeting of the Italian School of Physics and Weak Interactions Bologna, Italy, April 26-28, 1984}",
      journal        = "Phys. Rev. Lett.",
      volume         = "10",
      year           = "1963",
      pages          = "531-533",
      doi            = "10.1103/PhysRevLett.10.531",
      note           = "[,648(1963)]",
      SLACcitation   = "%%CITATION = PRLTA,10,531;%%"
}

@article{Glashow:1970gm,
      author         = "{Glashow, S. L. and Iliopoulos, J. and Maiani, L.}",
      title          = "{Weak Interactions with Lepton-Hadron Symmetry}",
      booktitle      = "{Meeting of the Italian School of Physics and Weak Interactions Bologna, Italy, April 26-28, 1984}",
      journal        = "Phys. Rev.",
      volume         = "D2",
      year           = "1970",
      pages          = "1285-1292",
      doi            = "10.1103/PhysRevD.2.1285",
      SLACcitation   = "%%CITATION = PHRVA,D2,1285;%%"
}

@article{Kobayashi:1973fv,
      author         = "{Kobayashi, Makoto and Maskawa, Toshihide}",
      title          = "{CP Violation in the Renormalizable Theory of Weak
                        Interaction}",
      journal        = "Prog. Theor. Phys.",
      volume         = "49",
      year           = "1973",
      pages          = "652-657",
      doi            = "10.1143/PTP.49.652",
      reportNumber   = "KUNS-242"
}
