@Article{PERF-2007-01,
    author         = "{ATLAS Collaboration}",
    title          = "{The ATLAS Experiment at the CERN Large Hadron Collider}",
    journal        = "JINST",
    volume         = "3",
    year           = "2008",
    pages          = "S08003",
    doi            = "10.1088/1748-0221/3/08/S08003",
    primaryClass   = "hep-ex",
}

@misc{Pequenao:1095924,
      author        = "{Joao Pequenao}",
      title         = "{Computer generated image of the whole ATLAS detector}",
      month         = "Mar",
      year          = "2008",
      reportNumber  = "CERN-GE-0803012",
      howpublished  = "\url{https://cds.cern.ch/record/1095924}"
}

@misc{Pequenao:1095926,
      author        = "{Joao Pequenao}",
      title         = "{Computer generated image of the ATLAS inner detector}",
      month         = "Mar",
      year          = "2008",
      reportNumber  = "CERN-GE-0803014",
      howpublished  = "\url{https://cds.cern.ch/record/1095926}"
}

@misc{Pequenao:1095925,
      author        = "{Joao Pequenao}",
      title         = "{Computer generated images of the Pixel, part of the ATLAS inner detector}",
      month         = "Mar",
      year          = "2008",
      reportNumber  = "CERN-GE-0803013",
      howpublished  = "\url{https://cds.cern.ch/record/1095925}"
}

@misc{Pequenao:1095927,
      author        = "{Joao Pequenao}",
      title         = "{Computer Generated image of the ATLAS calorimeter}",
      month         = "Mar",
      year          = "2008",
      reportNumber  = "CERN-GE-0803015",
      howpublished  = "\url{https://cds.cern.ch/record/1095927}"
}

@misc{Pequenao:1095928,
      author        = "{Joao Pequenao}",
      title         = "{Computer generated image of the ATLAS Liquid Argon}",
      month         = "Mar",
      year          = "2008",
      reportNumber  = "CERN-GE-0803016",
      howpublished  = "\url{https://cds.cern.ch/record/1095928}"
}

@article{Fabjan:692252,
      author        = "{Fabjan, Christian Wolfgang and Gianotti, F}",
      title         = "{Calorimetry for Particle Physics}",
      journal       = "Rev. Mod. Phys.",
      number        = "CERN-EP-2003-075",
      volume        = "75",
      pages         = "1243-1286. 96 p",
      year          = "2003",
      reportNumber  = "CERN-EP-2003-075",
      url           = "https://cds.cern.ch/record/692252",
      doi           = "10.1103/RevModPhys.75.1243",
}

@article{Ilic:2014,
	author      = "{Ilic, Nikolina}",
	title       = "{Performance of the {ATLAS} Liquid Argon Calorimeter after three years of {LHC} operation and plans for a future upgrade}",
	journal     = "{Journal of Instrumentation}",
	number      = "{03}",
	volume      = "{9}",
	pages       = "{C03049--C03049}",
	year        = "2014",
	publisher   = "{{IOP} Publishing}",
	url         = {https://doi.org/10.1088/1748-0221/9/03/c03049},
	doi         = {10.1088/1748-0221/9/03/c03049},
}

@techreport{Aleksa:1547314,
      author        = "{Aleksa, M and Diemoz, M}",
      title         = "{Discussion on the electromagnetic calorimeters of ATLAS and CMS}",
      institution   = "CERN",
      address       = "Geneva",
      number        = "ATL-LARG-PROC-2013-002",
      month         = "May",
      year          = "2013",
      reportNumber  = "ATL-LARG-PROC-2013-002",
      url           = "https://cds.cern.ch/record/1547314",
}

@Article{TRIG-2016-01,
    author         = "{ATLAS Collaboration}",
    title          = "{Performance of the ATLAS trigger system in 2015}",
    journal        = "Eur. Phys. J. C",
    volume         = "77",
    year           = "2017",
    pages          = "317",
    doi            = "10.1140/epjc/s10052-017-4852-3",
    reportNumber   = "CERN-EP-2016-241",
    eprint         = "1611.09661",
    archivePrefix  = "arXiv",
    primaryClass   = "hep-ex",
}

@techreport{Eisenhandler:792528,
      author        = "{ATLAS L1Calo Group}",
      title         = "{ATLAS Level-1 Calorimeter Trigger Algorithms}",
      institution   = "CERN",
      address       = "Geneva",
      number        = "ATL-DAQ-2004-011. CERN-ATL-DAQ-2004-011",
      month         = "Sep",
      year          = "2004",
      reportNumber  = "ATL-DAQ-2004-011",
      url           = "https://cds.cern.ch/record/792528",
}

@article{PDG2018:Ch33,
  author    = "{Particle Data Group}",
  title     = "{Review of Particle Physics, Chapter 33: Passage of Particles Through Matter}",
  journal   = {Phys. Rev. D},
  volume    = {98},
  issue     = {3},
  pages     = {030001},
  numpages  = {1898},
  year      = {2018},
  publisher = {American Physical Society},
  doi       = {10.1103/PhysRevD.98.030001},
  url       = {https://link.aps.org/doi/10.1103/PhysRevD.98.030001}
}

@article{Groom:2001kq,
      author         = "Groom, Donald E. and Mokhov, Nikolai V. and Striganov, Sergei I.",
      title          = "{Muon stopping power and range tables \(10\,\text{MeV}\) to \(100\,\text{TeV}\)}",
      journal        = "Atom. Data Nucl. Data Tabl.",
      volume         = "78",
      year           = "2001",
      pages          = "183-356",
      doi            = "10.1006/adnd.2001.0861",
      SLACcitation   = "%%CITATION = ADNDA,78,183;%%"
}

@book{ICRU49,
      title         = "{Stopping powers and ranges for protons and alpha particles}",
      publisher     = "ICRU",
      address       = "Washington, DC",
      series        = "ICRU Report",
      year          = "1993",
      url           = "https://cds.cern.ch/record/1432916",
}

@article{PhysRev.101.778,
  title = "{Mass-Ratio Method Applied to the Measurement of $L$-Meson Masses and the Energy Balance in Pion Decay}",
  author = "{Barkas, Walter H. and Birnbaum, Wallace and Smith, Frances M.}",
  journal = "{Phys. Rev.}",
  volume = {101},
  issue = {2},
  pages = {778--795},
  numpages = {0},
  year = {1956},
  publisher = {American Physical Society},
  doi = {10.1103/PhysRev.101.778},
  url = {https://link.aps.org/doi/10.1103/PhysRev.101.778}
}

@Article{EXOT-2010-07,
    author         = "{ATLAS Collaboration}",
    title          = "{A search for new physics in dijet mass and angular distributions in $pp$ collisions at $\sqrt{s} = 7\;\mbox{TeV}$ measured with the ATLAS detector}",
    journal        = "New J. Phys.",
    volume         = "13",
    year           = "2011",
    pages          = "053044",
    doi            = "10.1088/1367-2630/13/5/053044",
    reportNumber   = "CERN-PH-EP-2011-030",
    eprint         = "1103.3864",
    archivePrefix  = "arXiv",
    primaryClass   = "hep-ex",
}

@Article{STDM-2013-04,
    author         = "{ATLAS Collaboration}",
    title          = "{Measurement of the cross section of high transverse momentum \(Z\rightarrow b\bar{b}\) production in proton--proton collisions at \(\sqrt{s} = 8\,\text{TeV}\) with the ATLAS Detector}",
    journal        = "Phys. Lett. B",
    volume         = "738",
    year           = "2014",
    pages          = "25",
    doi            = "10.1016/j.physletb.2014.09.020",
    reportNumber   = "CERN-PH-EP-2014-064",
    eprint         = "1404.7042",
    archivePrefix  = "arXiv",
    primaryClass   = "hep-ex",
}

@Article{ATLAS-CONF-2018-052,
    author         = "{ATLAS Collaboration}",
    title          = "{Search for boosted resonances decaying to two $b$-quarks and produced in association with a jet at \(\sqrt{s} = 13\,\text{TeV}\) with the ATLAS detector}",
    institution    = "CERN",
    address        = "Geneva",
    number         = "ATLAS-CONF-2018-052",
    month          = "Nov",
    year           = "2018",
    reportNumber   = "ATLAS-CONF-2018-052",
    url            = "https://cds.cern.ch/record/2649081",
}
