% CERN and LHC papers and technical documents

@article{Evans:2008,
      author      = {Evans, Lyndon and Bryant, Philip},
	  title       = "{{LHC} Machine}",
	  journal     = "{Journal of Instrumentation}",
	  volume      = "3",
	  year        = "2008",
	  pages       = {S08001--S08001},
	  number      = "08",
	  publisher   = "{IOP} Publishing",
	  doi         = {10.1088/1748-0221/3/08/s08001},
      url         = "https://doi.org/10.1088/1748-0221/3/08/S08001"
}

% Figure of the LHC accelerator complex
@article{Haffner:1621894,
      author        = "{Haffner, Julie}",
      title         = "{The CERN accelerator complex}",
      month         = "Oct",
      year          = "2013",
      reportNumber  = "OPEN-PHO-ACCEL-2013-056",
      url           = "https://cds.cern.ch/record/1621894",
      note          = "General Photo"
}
