@Article{CMS-EXO-16-032,
    author         = "{CMS Collaboration}",
    title          = "{Search for dijet resonances in proton--proton collisions at \(\sqrt{s} = 13\,\text{TeV}\) and constraints on dark matter and other models}",
    journal        = "Phys. Lett. B",
    volume         = "769",
    year           = "2017",
    pages          = "520",
    doi            = "10.1016/j.physletb.2017.02.012",
    reportNumber   = "CERN-EP-2016-277",
    eprint         = "1611.03568",
    archivePrefix  = "arXiv",
    primaryClass   = "hep-ex",
}

@Article{CMS-EXO-16-046,
    author         = "{CMS Collaboration}",
    title          = "{Search for new physics in dijet angular distributions using proton--proton collisions at \(\sqrt{s} = 13\,\text{TeV}\) and constraints on dark matter and other models}",
    journal        = "Eur. Phys. J. C",
    volume         = "78",
    year           = "2018",
    pages          = "789",
    doi            = "10.1140/epjc/s10052-018-6242-x",
    reportNumber   = "CERN-EP-2018-036",
    eprint         = "1803.08030",
    archivePrefix  = "arXiv",
    primaryClass   = "hep-ex",
}

@article{CMS:2017cbv,
    author         = "{CMS Collaboration}",
    title          = "{Inclusive search for a highly boosted Higgs boson decaying to a bottom quark-antiquark pair}",
    journal        = "Phys. Rev. Lett.",
    volume         = "120",
    year           = "2018",
    number         = "7",
    pages          = "071802",
    doi            = "10.1103/PhysRevLett.120.071802",
    eprint         = "1709.05543",
    archivePrefix  = "arXiv",
    primaryClass   = "hep-ex",
    reportNumber   = "CMS-HIG-17-010, CERN-EP-2017-207",
    SLACcitation   = "%%CITATION = ARXIV:1709.05543;%%"
}

@misc{CMS:exotic-dijet-exclusions,
    author         = "{CMS Collaboration}",
    title          = "{CMS TWiki: CMS Exotica Summary plots for 13 TeV data}",
    howpublished   = {\url{https://twiki.cern.ch/twiki/bin/view/CMSPublic/SummaryPlotsEXO13TeV\#EPS_HEP_2019}},
    note           = "{Accessed: 2019-07-23}"
}

@article{CMS:2019hlx,
      author         = "{CMS Collaboration}",
      title          = "{Search for low mass vector resonances decaying into quark-antiquark pairs with \(77.0~\mathrm{fb}^{-1}\) of proton-proton collisions at \(\sqrt{s}=13~\mathrm{TeV}\)}",
      year           = "2019",
      reportNumber   = "CMS-PAS-EXO-18-012",
      SLACcitation   = "%%CITATION = CMS-PAS-EXO-18-012;%%",
      url            = "https://cds.cern.ch/record/2674921",
}
