@article{CMS:2017cbv,
      author         = "{CMS Collaboration}",
      title          = "{Inclusive search for the standard model Higgs boson produced in pp collisions at $\sqrt{s}=13~\mathrm{TeV}$ using H$\rightarrow \mathrm{b\bar{\mathrm{b}}}$ decays}",
      collaboration  = "CMS",
      year           = "2017",
      reportNumber   = "CMS-PAS-HIG-17-010",
      url            = "http://inspirehep.net/record/1601563",
      SLACcitation   = "%%CITATION = CMS-PAS-HIG-17-010;%%"
}
