% Tracks

@article{Fruhwirth:1987fm,
      author         = "{Fruhwirth, R.}",
      title          = "{Application of Kalman filtering to track and vertex fitting}",
      journal        = "Nucl. Instrum. Meth.",
      volume         = "A262",
      year           = "1987",
      pages          = "444-450",
      doi            = "10.1016/0168-9002(87)90887-4",
      reportNumber   = "HEPHY-PUB-87-503",
      SLACcitation   = "%%CITATION = NUIMA,A262,444;%%"
}

@article{Fruhwirth:2003702,
      author         = "{R. Fr\"{u}hwirth and A. Strandlie and T. Todorov and M. Winkler}",
      title          = "{Recent results on adaptive track and multitrack fitting}",
      journal        = "Nuclear Instruments and Methods in Physics Research Section A: Accelerators, Spectrometers, Detectors and Associated Equipment.",
      volume         = "502",
      year           = "2003",
      pages          = "702-704",
      doi            = "10.1016/S0168-9002(03)00549-7",
      note           = "Proceedings of the VIII International Workshop on Advanced Computing and Analysis Techniques in Physics Research",
      issn           = "0168-9002"
}

@article{Strandlie:1999,
      author         = "{A. Strandlie and J. Zerubia}",
      title          = "{Particle tracking with iterated Kalman filters and smoothers: the PMHT algorithm}",
      journal        = "Computer Physics Communications",
      volume         = "123",
      year           = "1999",
      pages          = "77-86",
      doi            = "10.1016/S0010-4655(99)00258-1",
      issn           = "0010-4655"
}

@article{Bugge:1981,
      author         = "{Lars Bugge and Jan Myrheim}",
      title          = "{Tracking and track fitting}",
      journal        = "Nuclear Instruments and Methods",
      volume         = "179",
      year           = "1981",
      pages          = "365-381",
      doi            = "10.1016/0029-554X(81)90063-X",
      issn           = "0029-554X"
}

@inproceedings{Gallinaro:2014eha,
      author         = "{Gallinaro, Michele}",
      title          = "{Tau (or no) leptons in top quark decays at hadron colliders}",
      booktitle      = "{Proceedings, 6th International Workshop on Top Quark Physics (TOP2013): Durbach, Germany, September 14-19, 2013}",
      collaboration  = "CDF, D0, ATLAS, CMS",
      year           = "2014",
      pages          = "43-50",
      doi            = "10.3204/DESY-PROC-2014-02/12",
      reportNumber   = "CMS-CR-2013-423",
      SLACcitation   = "%%CITATION = CMS-CR-2013-423;%%"
}

% Jet physics Thaler group
@article{Krohn:2009zg,
      author         = "{Krohn, David and Thaler, Jesse and Wang, Lian-Tao}",
      title          = "{Jets with Variable R}",
      journal        = "JHEP",
      volume         = "06",
      year           = "2009",
      pages          = "059",
      doi            = "10.1088/1126-6708/2009/06/059",
      eprint         = "0903.0392",
      archivePrefix  = "arXiv",
      primaryClass   = "hep-ph",
      SLACcitation   = "%%CITATION = ARXIV:0903.0392;%%"
}

@article{Krohn:2009th,
      author         = "{Krohn, David and Thaler, Jesse and Wang, Lian-Tao}",
      title          = "{Jet Trimming}",
      journal        = "JHEP",
      volume         = "02",
      year           = "2010",
      pages          = "084",
      doi            = "10.1007/JHEP02(2010)084",
      eprint         = "0912.1342",
      archivePrefix  = "arXiv",
      primaryClass   = "hep-ph",
      SLACcitation   = "%%CITATION = ARXIV:0912.1342;%%"
}

@article{Metodiev:2018ftz,
      author         = "{Metodiev, Eric M. and Thaler, Jesse}",
      title          = "{On the Topic of Jets: Disentangling Quarks and Gluons at Colliders}",
      journal        = "Phys. Rev. Lett.",
      volume         = "120",
      year           = "2018",
      number         = "24",
      pages          = "241602",
      doi            = "10.1103/PhysRevLett.120.241602",
      eprint         = "1802.00008",
      archivePrefix  = "arXiv",
      primaryClass   = "hep-ph",
      reportNumber   = "MIT-CTP-4979",
      SLACcitation   = "%%CITATION = ARXIV:1802.00008;%%"
}

@article{Komiske:2018vkc,
      author         = "{Komiske, Patrick T. and Metodiev, Eric M. and Thaler, Jesse}",
      title          = "{An operational definition of quark and gluon jets}",
      journal        = "JHEP",
      volume         = "11",
      year           = "2018",
      pages          = "059",
      doi            = "10.1007/JHEP11(2018)059",
      eprint         = "1809.01140",
      archivePrefix  = "arXiv",
      primaryClass   = "hep-ph",
      reportNumber   = "MIT-CTP 5042",
      SLACcitation   = "%%CITATION = ARXIV:1809.01140;%%"
}

@article{Larkoski:2019nwj,
      author         = "{Larkoski, Andrew J. and Metodiev, Eric M.}",
      title          = "{A Theory of Quark vs. Gluon Discrimination}",
      year           = "2019",
      eprint         = "1906.01639",
      archivePrefix  = "arXiv",
      primaryClass   = "hep-ph",
      reportNumber   = "MIT-CTP 5049",
      SLACcitation   = "%%CITATION = ARXIV:1906.01639;%%"
}

@phdthesis{Nachman:2016qyc,
      author         = "{Nachman, Benjamin}",
      title          = "{Investigating the Quantum Properties of Jets and the Search for a Supersymmetric Top Quark Partner with the ATLAS Detector}",
      school         = "Stanford U., Phys. Dept.",
      year           = "2016",
      eprint         = "1609.03242",
      archivePrefix  = "arXiv",
      primaryClass   = "hep-ex",
      reportNumber   = "CERN-THESIS-2016-083",
      SLACcitation   = "%%CITATION = ARXIV:1609.03242;%%"
}

@article{Catani:1993hr,
      author         = "{Catani, S. and Dokshitzer, Yuri L. and Seymour, M. H. and Webber, B. R.}",
      title          = "{Longitudinally invariant $K_t$ clustering algorithms for hadron hadron collisions}",
      journal        = "Nucl. Phys.",
      volume         = "B406",
      year           = "1993",
      pages          = "187-224",
      doi            = "10.1016/0550-3213(93)90166-M",
      reportNumber   = "CERN-TH-6775-93, LU-TP-93-2",
      SLACcitation   = "%%CITATION = NUPHA,B406,187;%%"
}

@article{Dokshitzer:1997in,
      author         = "{Dokshitzer, Yuri L. and Leder, G. D. and Moretti, S. and Webber, B. R.}",
      title          = "{Better jet clustering algorithms}",
      journal        = "JHEP",
      volume         = "08",
      year           = "1997",
      pages          = "001",
      doi            = "10.1088/1126-6708/1997/08/001",
      eprint         = "hep-ph/9707323",
      archivePrefix  = "arXiv",
      primaryClass   = "hep-ph",
      reportNumber   = "CAVENDISH-HEP-97-06",
      SLACcitation   = "%%CITATION = HEP-PH/9707323;%%"
}

@article{Cacciari:2008gp,
      author         = "{Cacciari, Matteo and Salam, Gavin P. and Soyez, Gregory}",
      title          = "{The anti-$k_t$ jet clustering algorithm}",
      journal        = "JHEP",
      volume         = "04",
      year           = "2008",
      pages          = "063",
      doi            = "10.1088/1126-6708/2008/04/063",
      eprint         = "0802.1189",
      archivePrefix  = "arXiv",
      primaryClass   = "hep-ph",
      reportNumber   = "LPTHE-07-03",
      SLACcitation   = "%%CITATION = ARXIV:0802.1189;%%"
}

@article{Salam:2007xv,
      author         = "{Salam, Gavin P. and Soyez, Gregory}",
      title          = "{A Practical Seedless Infrared-Safe Cone jet algorithm}",
      journal        = "JHEP",
      volume         = "05",
      year           = "2007",
      pages          = "086",
      doi            = "10.1088/1126-6708/2007/05/086",
      eprint         = "0704.0292",
      archivePrefix  = "arXiv",
      primaryClass   = "hep-ph",
      SLACcitation   = "%%CITATION = ARXIV:0704.0292;%%"
}

@inproceedings{Soyez:2008pq,
      author         = "{Soyez, Gregory}",
      title          = "{The SISCone and anti-k(t) jet algorithms}",
      booktitle      = "{Proceedings, 16th International Workshop on Deep Inelastic Scattering and Related Subjects (DIS 2008): London, UK, April 7-11, 2008}",
      year           = "2008",
      pages          = "178",
      doi            = "10.3360/dis.2008.178",
      eprint         = "0807.0021",
      archivePrefix  = "arXiv",
      primaryClass   = "hep-ph",
      SLACcitation   = "%%CITATION = ARXIV:0807.0021;%%"
}

@article{Salam:2009jx,
      author         = "{Salam, Gavin P.}",
      title          = "{Towards Jetography}",
      booktitle      = "{2008 CTEQ-MCnet Summer School on QCD Phenomenology and Monte Carlo Event Generators (MCnet 08) (CTEQ 08) Debrecen, Hungary, August 8-16, 2008}",
      journal        = "Eur. Phys. J.",
      volume         = "C67",
      year           = "2010",
      pages          = "637-686",
      doi            = "10.1140/epjc/s10052-010-1314-6",
      eprint         = "0906.1833",
      archivePrefix  = "arXiv",
      primaryClass   = "hep-ph",
      SLACcitation   = "%%CITATION = ARXIV:0906.1833;%%"
}

@Article{SUSY-2016-13,
    author         = "{ATLAS Collaboration}",
    title          = "{Search for new phenomena with large jet multiplicities and missing transverse momentum using large-radius jets and flavour-tagging at ATLAS in \(13\,\text{TeV}\) \(pp\) collisions}",
    journal        = "JHEP",
    volume         = "12",
    year           = "2017",
    pages          = "034",
    doi            = "10.1007/JHEP12(2017)034",
    reportNumber   = "CERN-EP-2017-138",
    eprint         = "1708.02794",
    archivePrefix  = "arXiv",
    primaryClass   = "hep-ex",
}
