%%% References for publications written by Matthew Feickert

% b-jet trigger performance public plots
@techreport{Feickert:2294576,
 author        = {Feickert, Matthew and Alison, John},
 title         = "{Performance of the ATLAS $b$-jet trigger in 2017 data at
 high pile-up}",
 institution   = "CERN",
 address       = "Geneva",
 number        = "ATL-COM-DAQ-2017-182",
 month         = "Nov",
 year          = "2017",
 reportNumber  = "ATL-COM-DAQ-2017-182",
 url           = "https://cds.cern.ch/record/2294576",
}
