% Higgs papers
@article{Higgs:1964ia,
      author         = "Higgs, Peter W.",
      title          = "{Broken symmetries, massless particles and gauge fields}",
      journal        = "Phys. Lett.",
      volume         = "12",
      year           = "1964",
      pages          = "132-133",
      doi            = "10.1016/0031-9163(64)91136-9",
      SLACcitation   = "%%CITATION = PHLTA,12,132;%%"
}

@article{Higgs:1964pj,
      author         = "Higgs, Peter W.",
      title          = "{Broken Symmetries and the Masses of Gauge Bosons}",
      journal        = "Phys. Rev. Lett.",
      volume         = "13",
      year           = "1964",
      pages          = "508-509",
      doi            = "10.1103/PhysRevLett.13.508",
      SLACcitation   = "%%CITATION = PRLTA,13,508;%%"
}

@article{Higgs:1966ev,
      author         = "Higgs, Peter W.",
      title          = "{Spontaneous Symmetry Breakdown without Massless Bosons}",
      journal        = "Phys. Rev.",
      volume         = "145",
      year           = "1966",
      pages          = "1156-1163",
      doi            = "10.1103/PhysRev.145.1156",
      SLACcitation   = "%%CITATION = PHRVA,145,1156;%%"
}

% Englert Higgs paper
@article{Englert:1964et,
      author         = "Englert, F. and Brout, R.",
      title          = "{Broken Symmetry and the Mass of Gauge Vector Mesons}",
      journal        = "Phys. Rev. Lett.",
      volume         = "13",
      year           = "1964",
      pages          = "321-323",
      doi            = "10.1103/PhysRevLett.13.321",
      SLACcitation   = "%%CITATION = PRLTA,13,321;%%"
}

% Kibble Higgs paper
@article{Guralnik:1964eu,
      author         = "Guralnik, G. S. and Hagen, C. R. and Kibble, T. W. B.",
      title          = "{Global Conservation Laws and Massless Particles}",
      journal        = "Phys. Rev. Lett.",
      volume         = "13",
      year           = "1964",
      pages          = "585-587",
      doi            = "10.1103/PhysRevLett.13.585",
      SLACcitation   = "%%CITATION = PRLTA,13,585;%%"
}

% ATLAS Higgs discovery paper
@article{Aad:2012tfa,
      author         = "Aad, Georges and others",
      title          = "{Observation of a new particle in the search for the
                        Standard Model Higgs boson with the ATLAS detector at the
                        LHC}",
      collaboration  = "ATLAS",
      journal        = "Phys. Lett.",
      volume         = "B716",
      year           = "2013",
      pages          = "1-29",
      doi            = "10.1016/j.physletb.2012.08.020",
      eprint         = "1207.7214",
      archivePrefix  = "arXiv",
      primaryClass   = "hep-ex",
      reportNumber   = "CERN-PH-EP-2012-218",
      SLACcitation   = "%%CITATION = ARXIV:1207.7214;%%"
}

% CMS Higgs discovery paper
@article{Chatrchyan:2012xdj,
      author         = "{CMS Collaboration}",
      title          = "{Observation of a new boson at a mass of 125 GeV with the CMS experiment at the LHC}",
      journal        = "Phys. Lett.",
      volume         = "B716",
      year           = "2012",
      pages          = "30-61",
      doi            = "10.1016/j.physletb.2012.08.021",
      eprint         = "1207.7235",
      archivePrefix  = "arXiv",
      primaryClass   = "hep-ex",
      reportNumber   = "CMS-HIG-12-028, CERN-PH-EP-2012-220",
      SLACcitation   = "%%CITATION = ARXIV:1207.7235;%%"
}

% ATLAS VHbb observation
@article{Aaboud:2018zhk,
      author         = "Aaboud, Morad and others",
      title          = "{Observation of $H \rightarrow b\bar{b}$ decays and $VH$
                        production with the ATLAS detector}",
      collaboration  = "ATLAS",
      journal        = "Phys. Lett.",
      volume         = "B786",
      year           = "2018",
      pages          = "59-86",
      doi            = "10.1016/j.physletb.2018.09.013",
      eprint         = "1808.08238",
      archivePrefix  = "arXiv",
      primaryClass   = "hep-ex",
      reportNumber   = "CERN-EP-2018-215",
      SLACcitation   = "%%CITATION = ARXIV:1808.08238;%%"
}

% CMS VHbb observation
@article{CMS:2018abb,
      author         = "{CMS Collaboration}",
      title          = "{Observation of Higgs boson decay to bottom quarks}",
      journal        = "Phys. Rev. Lett.",
      volume         = "121",
      year           = "2018",
      number         = "12",
      pages          = "121801",
      doi            = "10.1103/PhysRevLett.121.121801",
      eprint         = "1808.08242",
      archivePrefix  = "arXiv",
      primaryClass   = "hep-ex",
      reportNumber   = "CMS-HIG-18-016, CERN-EP-2018-223",
      SLACcitation   = "%%CITATION = ARXIV:1808.08242;%%"
}
