% Simplified benchmark dark matter models
@article{Abdallah:2015ter,
      author         = "Abdallah, Jalal and others",
      title          = "{Simplified Models for Dark Matter Searches at the LHC}",
      journal        = "Phys. Dark Univ.",
      volume         = "9-10",
      year           = "2015",
      pages          = "8-23",
      doi            = "10.1016/j.dark.2015.08.001",
      eprint         = "1506.03116",
      archivePrefix  = "arXiv",
      primaryClass   = "hep-ph",
      reportNumber   = "FERMILAB-PUB-15-283-CD, CERN-PH-TH-2015-139",
      SLACcitation   = "%%CITATION = ARXIV:1506.03116;%%"
}

% combined limit plot for Z' mass
@misc{Zprime_gq_limit_public_plot,
      author        = "{ATLAS Collaboration}",
      title         = "{Dijet search contours for \(95\%\) CL upper limits on the leptophobic axial-vector \(Z'_{A}\) model coupling to Standard Model quarks as a function of the resonance mass}",
      month         = "Mar",
      year          = "2019",
      howpublished  = "\url{https://atlas.web.cern.ch/Atlas/GROUPS/PHYSICS/CombinedSummaryPlots/EXOTICS/ATLAS_DarkMatterCoupling_Summary/history.html}"
}
