%%% References for derivation and meaning of luminosity at hadron colliders

@misc{history:etymology_barn,
 title = {{R.E. Schreiber, private communication to S. Gartenhaus, June 1996}},
}

@misc{web:history_physics_purdue,
 title = {{A History of Physics at Purdue: The War Period (1941-1945)}},
 author = {Solomon Gartenhaus, and Arnold Tubis, and David Cassidy, and Ralph Bray},
 howpublished = {\url{http://www.physics.purdue.edu/about/history/war_period.html}},
 note = {Accessed: 2017-09-11}
}

%%% Disucssion of many luminosity topics, including integrated luminosity
@article{Herr:941318,
 author        = "Herr, Werner and Muratori, B",
 title         = "{Concept of luminosity}",
 year          = "2006",
 url           = "https://cds.cern.ch/record/941318",
}

@article{Aaboud:2016mmw,
 author         = "Aaboud, M. and others",
 title          = "{Measurement of the Inelastic Proton-Proton Cross Section
  at $\sqrt{s} = 13$~TeV with the ATLAS Detector at the
 LHC}",
 collaboration  = "ATLAS",
 journal        = "Phys. Rev. Lett.",
 volume         = "117",
 year           = "2016",
 number         = "18",
 pages          = "182002",
 doi            = "10.1103/PhysRevLett.117.182002",
 eprint         = "1606.02625",
 archivePrefix  = "arXiv",
 primaryClass   = "hep-ex",
 reportNumber   = "CERN-EP-2016-140",
}

%%% LHC TDR (has design luminosity)
@book{Bruning:782076,
 author        = "Br√ºning, Oliver Sim and Collier, Paul and Lebrun, P and
 Myers, Stephen and Ostojic, Ranko and Poole, John and
 Proudlock, Paul",
 title         = "{LHC Design Report}",
 publisher     = "CERN",
 address       = "Geneva",
 series        = "CERN Yellow Reports: Monographs",
 year          = "2004",
 url           = "https://cds.cern.ch/record/782076",
}

%%% 2017 ATLAS Peak Instantaneous Luminosity
@misc{TWiki:2017ATLASPeakLumi,
 title = {{ATLAS TWiki: Run 2 Luminosity Public Results, \S\, Luminosity summary plots for 2017 pp data taking: Peak Luminosity per Fill in 2017}},
 howpublished = {\url{https://twiki.cern.ch/twiki/bin/view/AtlasPublic/LuminosityPublicResultsRun2\#Luminosity_summary_plots_for_201}},
 note = {Accessed: 2017-09-11}
}

%%% Lowest-threshold main physics triggers, that are unprescaled up to a given maximum luminosity for 2017
@misc{TWiki:MenuEvolution2017,
 title = {{ATLAS TWiki: Executive Summary of the menu evolution (2017)}},
 howpublished = {\url{https://twiki.cern.ch/twiki/bin/view/Atlas/L34TriggerMenu2017}},
 note = {Accessed: 2017-09-11}
}

%%% Meeting in which the luminosity for the remainder of 2017 was set
@misc{Indico:MenuCoordination_2017Lumi,
 title = {{Indico: Menu Coordination Meeting, September 21st, 2017}},
 howpublished = {\url{https://indico.cern.ch/event/666180/}},
 note = {Accessed: 2017-09-21}
}
