%%% References for derivation and meaning of luminosity at hadron colliders

@book{rhodes2012making,
  title       = "{The Making of the Atomic Bomb: 25th Anniversary Edition}",
  author      = "{Rhodes, Richard}",
  isbn        = {9781451677614},
  lccn        = {2012022407},
  url         = {https://books.google.com/books?id=2G2TlJOhGI8C},
  year        = {2012},
  publisher   = {Simon \& Schuster}
}


@misc{history:etymology_barn,
 title = {{R.E. Schreiber, private communication to S. Gartenhaus, June 1996}},
 howpublished = {{}}
}

@misc{web:history_physics_purdue,
 title = {{A History of Physics at Purdue: The War Period (1941-1945)}},
 author = {{Solomon Gartenhaus, and Arnold Tubis, and David Cassidy, and Ralph Bray}},
 howpublished = {\url{http://www.physics.purdue.edu/about/history/war_period.html}},
 note = {Accessed: 2017-09-11}
}

%%% Disucssion of many luminosity topics, including integrated luminosity
@article{Herr:941318,
 author        = "Herr, Werner and Muratori, B",
 title         = "{Concept of luminosity}",
 year          = "2006",
 url           = "https://cds.cern.ch/record/941318",
}

@article{Aaboud:2016mmw,
 author         = "Aaboud, M. and others",
 title          = "{Measurement of the Inelastic Proton-Proton Cross Section
  at $\sqrt{s} = 13$~TeV with the ATLAS Detector at the
 LHC}",
 collaboration  = "ATLAS",
 journal        = "Phys. Rev. Lett.",
 volume         = "117",
 year           = "2016",
 number         = "18",
 pages          = "182002",
 doi            = "10.1103/PhysRevLett.117.182002",
 eprint         = "1606.02625",
 archivePrefix  = "arXiv",
 primaryClass   = "hep-ex",
 reportNumber   = "CERN-EP-2016-140",
}

%%% LHC TDR (has design luminosity)
@book{Bruning:782076,
 author        = "Br√ºning, Oliver Sim and Collier, Paul and Lebrun, P and
 Myers, Stephen and Ostojic, Ranko and Poole, John and
 Proudlock, Paul",
 title         = "{LHC Design Report}",
 publisher     = "CERN",
 address       = "Geneva",
 series        = "CERN Yellow Reports: Monographs",
 year          = "2004",
 url           = "https://cds.cern.ch/record/782076",
}

% 2018 ATLAS Peak Instantaneous Luminosity
@misc{TWiki:2018ATLASPeakLumi,
 title = {{ATLAS TWiki: Run 2 Luminosity Public Results, \S\, Luminosity summary plots for 2018 pp data taking: Peak Luminosity per Fill in 2018}},
 howpublished = {\url{https://twiki.cern.ch/twiki/bin/view/AtlasPublic/LuminosityPublicResultsRun2\#Luminosity_summary_plots_for_201}},
 note = {Accessed: 2019-05-23}
}

% 2017 ATLAS Peak Instantaneous Luminosity
@misc{TWiki:2017ATLASPeakLumi,
 title = {{ATLAS TWiki: Run 2 Luminosity Public Results, \S\, Luminosity summary plots for 2017 pp data taking: Peak Luminosity per Fill in 2017}},
 howpublished = {\url{https://twiki.cern.ch/twiki/bin/view/AtlasPublic/LuminosityPublicResultsRun2\#Luminosity_summary_plots_for_AN2}},
 note = {Accessed: 2019-05-23}
}

%%% Lowest-threshold main physics triggers, that are unprescaled up to a given maximum luminosity for 2017
@misc{TWiki:MenuEvolution2017,
 title = {{ATLAS TWiki: Executive Summary of the menu evolution (2017)}},
 howpublished = {\url{https://twiki.cern.ch/twiki/bin/view/Atlas/L34TriggerMenu2017}},
 note = {Accessed: 2017-09-11}
}

%%% Meeting in which the luminosity for the remainder of 2017 was set
@misc{Indico:MenuCoordination_2017Lumi,
 title = {{Indico: Menu Coordination Meeting, September 21st, 2017}},
 howpublished = {\url{https://indico.cern.ch/event/666180/}},
 note = {Accessed: 2017-09-21}
}

@article{Brun:1997pa,
      author         = "Brun, R. and Rademakers, F.",
      title          = "{ROOT: An object oriented data analysis framework}",
      booktitle      = "{New computing techniques in physics research V. Proceedings, 5th International Workshop, AIHENP '96, Lausanne, Switzerland, September 2-6, 1996}",
      journal        = "Nucl. Instrum. Meth.",
      volume         = "A389",
      year           = "1997",
      pages          = "81-86",
      doi            = "10.1016/S0168-9002(97)00048-X",
      SLACcitation   = "%%CITATION = NUIMA,A389,81;%%",
      note           = "See also http://root.cern.ch/"
}

@article{SciPy,
 title   = "{Python for Scientific Computing}",
 author  = {Oliphant, Travis},
 journal = {Computing in Science \& Engineering},
 volume  = {9},
 number  = {3},
 pages   = {10-20},
 year    = {2007},
 doi     = {10.1109/MCSE.2007.58},
 eprint  = {https://aip.scitation.org/doi/pdf/10.1109/MCSE.2007.58}
}

@book{oliphant_guide_2006,
  added-at = {2014-01-19T07:05:25.000+0100},
  author = {Oliphant, Travis},
  bdsk-url-1 = {http://www.tramy.us/numpybook.pdf},
  biburl = {https://www.bibsonomy.org/bibtex/2f40296e2d792a4883b48db705291fd20/neurokernel},
  interhash = {f13bb8f9237574e5678cedd1b36c4175},
  intrahash = {f40296e2d792a4883b48db705291fd20},
  publisher = {Trelgol Publishing},
  timestamp = {2014-01-19T07:05:25.000+0100},
  title = {Guide to {NumPy}},
  url = {http://www.tramy.us/numpybook.pdf},
  year = 2006
}

@article{NumPy_array,
  title   = "{The NumPy Array: A Structure for Efficient Numerical Computation}",
  author  = {van der Walt, St\'{e}fan and Colbert, S. Chris and Varoquaux, Ga\"{e}l},
  journal = {Computing in Science \& Engineering},
  volume  = {13},
  number  = {2},
  pages   = {22-30},
  year    = {2011},
  doi     = {10.1109/MCSE.2011.37},
  eprint  = {https://aip.scitation.org/doi/pdf/10.1109/MCSE.2011.37}
}

@article{Matplotlib,
  title   = {Matplotlib: A 2D Graphics Environment},
  author  = {Hunter, John D.},
  journal = {Computing in Science \& Engineering},
  volume  = {9},
  number  = {3},
  pages   = {90-95},
  year    = {2007},
  doi     = {10.1109/MCSE.2007.55},
  eprint  = { https://aip.scitation.org/doi/pdf/10.1109/MCSE.2007.55}
}

@InProceedings{mckinney-proc-scipy-2010,
  title     = "{Data Structures for Statistical Computing in Python}",
  author    = {Wes McKinney},
  booktitle = {Proceedings of the 9th Python in Science Conference},
  pages     = {51 - 56},
  year      = {2010},
  editor    = {St\'efan van der Walt and Jarrod Millman}
}

@misc{Black_formatter,
  author       = "{The Python Software Foundation}",
  title        = {{Black}: The uncompromising code formatter},
  year         = {2018--},
  howpublished = {\url{https://github.com/psf/black}},
  note         = {[Online; accessed 2019-08-01]}
}
