% BumpHunter references
@article{Aaltonen:2008vt,
      author         = "Aaltonen, T. and others",
      title          = "{Global Search for New Physics with 2.0 fb$^{-1}$ at
                        CDF}",
      collaboration  = "CDF",
      journal        = "Phys. Rev.",
      volume         = "D79",
      year           = "2009",
      pages          = "011101",
      doi            = "10.1103/PhysRevD.79.011101",
      eprint         = "0809.3781",
      archivePrefix  = "arXiv",
      primaryClass   = "hep-ex",
      reportNumber   = "FERMILAB-PUB-08-400-E",
      SLACcitation   = "%%CITATION = ARXIV:0809.3781;%%"
}

@article{Choudalakis:2011qn,
      author         = "Choudalakis, Georgios",
      title          = "{On hypothesis testing, trials factor, hypertests and the
                        BumpHunter}",
      year           = "2011",
      eprint         = "1101.0390",
      archivePrefix  = "arXiv",
      primaryClass   = "physics.data-an",
      SLACcitation   = "%%CITATION = ARXIV:1101.0390;%%"
}
