@article{Schlaffer:2014osa,
      author         = "{Schlaffer, Matthias and Spannowsky, Michael and Takeuchi, Michihisa and Weiler, Andreas and Wymant, Chris}",
      title          = "{Boosted Higgs Shapes}",
      journal        = "Eur. Phys. J.",
      volume         = "C74",
      year           = "2014",
      number         = "10",
      pages          = "3120",
      doi            = "10.1140/epjc/s10052-014-3120-z",
      eprint         = "1405.4295",
      archivePrefix  = "arXiv",
      primaryClass   = "hep-ph",
      reportNumber   = "IPPP-14-35, DCPT-14-70, CERN-PH-TH-2014-083, DESY-14-069,
                        KCL-PH-TH-2014-22",
      SLACcitation   = "%%CITATION = ARXIV:1405.4295;%%"
}

@article{Grojean:2013nya,
      author         = "{Grojean, Christophe and Salvioni, Ennio and Schlaffer, Matthias and Weiler, Andreas}",
      title          = "{Very boosted Higgs in gluon fusion}",
      journal        = "JHEP",
      volume         = "05",
      year           = "2014",
      pages          = "022",
      doi            = "10.1007/JHEP05(2014)022",
      eprint         = "1312.3317",
      archivePrefix  = "arXiv",
      primaryClass   = "hep-ph",
      reportNumber   = "CERN-PH-TH-2013-292, DESY-13-233",
      SLACcitation   = "%%CITATION = ARXIV:1312.3317;%%"
}

@article{Dawson:2015gka,
      author         = "{Dawson, S. and Lewis, I. M. and Zeng, Mao}",
      title          = "{Usefulness of effective field theory for boosted Higgs production}",
      journal        = "Phys. Rev.",
      volume         = "D91",
      year           = "2015",
      pages          = "074012",
      doi            = "10.1103/PhysRevD.91.074012",
      eprint         = "1501.04103",
      archivePrefix  = "arXiv",
      primaryClass   = "hep-ph",
      reportNumber   = "SLAC-PUB-16208",
      SLACcitation   = "%%CITATION = ARXIV:1501.04103;%%"
}
